@book{norvig,
  Author = {Stuart Russell and Peter Norvig},
  Title = {Artificial Intelligence: A Modern Approach (2nd Edition)},
  Publisher = {Prentice Hall},
  Year = {2002},
  ISBN = {0137903952}
}

@book{mitchell,
	Author={Tom Mitchell},
	Title={Machine Learning},
	Publisher ={New York: McGraw-Hill},
	Year= {1997}
}

@misc{mar,
	howpublished = {\url{http://www.marinetraffic.com/ais/exporttext.aspx}},
 	Note = {Accessed: 2013-4-10}
}

@misc{laws,
howpublished={\url{http://web.archive.org/web/20070220201408/http://www.imo.org/About/mainframe.asp?topic_id=848&doc_id=4574#ais}},
note = {Accessed: 2013-4-29}
}

@misc{hjort,
howpublished={\url{http://www.hjorteviltregisteret.no/FallviltInnsyn#}},
note = {Accessed: 2013-4-29}
}

@misc{waze1,
howpublished={http://www.waze.com/}
}
@misc{waze2,
howpublished={http://nrkbeta.no/2013/02/25/waze-revolusjonerende-bilnavigering/\#more-23895}
}

@misc{met,
howpublished={\url{http://api.met.no}},
note = {Accessed: 2013-4-29}
}

@misc{yr,
howpublished={\url{http://om.yr.no/verdata/xml/}}
}

@misc{storm,
howpublished={\url{http://www.storm.no}}
}

@misc{nve,
howpublised={\url{http://api.nve.no}}
}

@misc{ras1,
howpublished={\url{http://www.skrednett.no/no/Om-skrednett/}}
}

@misc{ngu,
howpublished={\url{http://www.ngu.no/no/tm/Om-NGU/}}
}

@misc{xgeo,
howpublished={\url{http://www.xgeo.no}}
}

@misc{directions,
author={Google Web Services, Directions API},
howpublished={\url{https://developers.google.com/maps/documentation/directions/}}
}

@misc{skred,
howpublished={\url{http://www.skrednett.no/no/Om-skrednett/}}
}

@misc{varsom,
howpublished={\url{http://www.varsom.no}}
}

@misc{glisens,
author={Google maps, Lisens},
howpublished={\url{ https://developers.google.com/maps/licensing}}
}

@misc{arcgis,
author = {ArcGIS, API},
howpublished={\url{ http://help.arcgis.com/en/webapi/javascript/arcgis/jsapi/routetask.html}}
}

@misc{bing,
author={Bing Maps, API},
howpublished={\url{http://msdn.microsoft.com/en-us/library/ff701717.aspx}}
}

%Bing Maps lisens: http://www.greymatter.com/StaticPages/BingsMapsHomepage/Licensing/tabid/534/Default.aspx
%Mapquest Lisenser: http://developer.mapquest.com/web/tools/getting-started/terms-overview

@misc{altruter,
author ={Mapquest API, Alternative ruter},
howpublished={\url{http://developer.mapquest.com/web/products/dev-services/directions-ws}}
}
@misc{unnga,
author ={Mapquest API, Unng√• veger (tryavoidLinkId)}
howpublished={\url{http://open.mapquestapi.com/directions/\#basicoptions}}
}



%Open Route Service api: https://wiki.openstreetmap.org/wiki/OpenRouteService
%Open Route Service lisens: http://openrouteservice.org/contact.php

