@book{schwarz,
  title={The Skilled Facilitator Fieldbook: Tips, Tools, and Tested Methods for Consultants, Facilitators, Managers, Trainers, and Coaches},
  author={Schwarz, R. and Davidson, A. and Carlson, P. and McKinney, S.},
  isbn={9780787979249},
  lccn={2004025821},
  series={The Jossey-Bass business \& management series},
  url={http://books.google.no/books?id=1VaCMNLkNBwC},
  year={2005},
  publisher={Wiley}
}

@book{johnson2008joining,
  title={Joining Together: Group Theory and Group Skills},
  author={Johnson, D.W. and Johnson, F.P.},
  isbn={9780205578634},
  lccn={2008009342},
  series={Alternative eText Formats Series},
  url={http://books.google.no/books?id=r5FIPgAACAAJ},
  year={2008},
  publisher={Pearson College Division}
}

@book{wheelan2010creating,
  title={Creating Effective Teams: A Guide for Members and Leaders},
  author={Wheelan, S.A.},
  isbn={9781412975155},
  lccn={2009021460},
  url={http://books.google.no/books?id=FmHQAK2J3C8C},
  year={2010},
  publisher={SAGE Publications, Incorporated}
}

@article{bruce,
  author = {Tuckman, Bruce W. and Jensen, Mary Ann C.},
  journal = {Group Organization Management},
  month = dec,
  number = 4,
  pages = {419--427},
  title = {{Stages of {Small-Group} Development Revisited}},
  volume = 2,
  year = 1977
}

@article{endre,
    author    = {Sj√∏vold, Endre},
    title     = { Maturity and effectiveness in small groups},
    journal   = {Nordic Psychology,
    volume   = {58},
    %number   = "",
    pages    = {43-56},
    year      = {2006},
    %month    = "",
    %note     = "",
}





