@book{norvig,
  Author = {Stuart Russell and Peter Norvig},
  Title = {Artificial Intelligence: A Modern Approach (2nd Edition)},
  Publisher = {Prentice Hall},
  Year = {2002},
  ISBN = {0137903952},
  URL = {http://www.amazon.com/Artificial-Intelligence-Modern-Approach-Edition/dp/0137903952%3FSubscriptionId%3D0JYN1NVW651KCA56C102%26tag%3Dtechkie-20%26linkCode%3Dxm2%26camp%3D2025%26creative%3D165953%26creativeASIN%3D0137903952}
}